<?xml version="1.0" encoding="UTF-8"?><collection xmlns="http://www.loc.gov/MARC21/slim"><record><leader>00362nam--2200133-i-4500</leader><controlfield tag="001">000016492</controlfield><controlfield tag="002">20161230</controlfield><controlfield tag="005">20161230201031</controlfield><controlfield tag="008">060222s1000------------r-----000-0-eng-d</controlfield><datafield ind1=" " ind2=" " tag="100"><subfield code="a">Blasse, G</subfield></datafield><datafield ind1=" " ind2=" " tag="245"><subfield code="a">Grabmaier, b.c</subfield></datafield><datafield ind1=" " ind2=" " tag="260"><subfield code="a">Luminiscent Materials. With 171 Figures And 31 Tables</subfield></datafield><datafield ind1=" " ind2=" " tag="490"><subfield code="a">Berlin, Springer-verlag, 1994. X + 232 P</subfield></datafield><datafield ind1=" " ind2=" " tag="852"><subfield code="a">535.373/.374</subfield></datafield></record></collection>